<record><leader>00000cas a2200000 a 4500</leader><controlfield tag="001">33927381</controlfield><controlfield tag="008">951215d1885188uflucr ne      0    0eng c</controlfield><datafield ind1=" " ind2=" " tag="010"><subfield code="a">sn 95047414 </subfield></datafield><datafield ind1=" " ind2=" " tag="040"><subfield code="a">FUG</subfield><subfield code="b">eng</subfield><subfield code="c">FUG</subfield><subfield code="d">OCLCQ</subfield><subfield code="d">OCLCF</subfield><subfield code="d">OCLCO</subfield></datafield><datafield ind1=" " ind2=" " tag="012"><subfield code="i">9512</subfield></datafield><datafield ind1="1" ind2=" " tag="029"><subfield code="a">AU@</subfield><subfield code="b">000025893307</subfield></datafield><datafield ind1=" " ind2=" " tag="042"><subfield code="a">pcc</subfield></datafield><datafield ind1=" " ind2=" " tag="043"><subfield code="a">n-us-fl</subfield></datafield><datafield ind1="0" ind2="4" tag="245"><subfield code="a">The Tallahasseean.</subfield></datafield><datafield ind1=" " ind2=" " tag="260"><subfield code="a">Tallahassee, Fla. :</subfield><subfield code="b">Tallahassee Pub. Co.</subfield></datafield><datafield ind1=" " ind2=" " tag="300"><subfield code="a">v.</subfield></datafield><datafield ind1=" " ind2=" " tag="310"><subfield code="a">Semiweekly</subfield></datafield><datafield ind1="1" ind2=" " tag="362"><subfield code="a">Began June 1, 1885.</subfield></datafield><datafield ind1=" " ind2=" " tag="500"><subfield code="a">R. Don McLeod, editor.</subfield></datafield><datafield ind1=" " ind2=" " tag="588"><subfield code="a">Description based on: Vol. 5, no. 19 (June 6, 1885).</subfield></datafield><datafield ind1=" " ind2=" " tag="588"><subfield code="a">Latest issue consulted: Vol. 5, no 68 (Nov. 28, 1885).</subfield></datafield><datafield ind1=" " ind2="0" tag="651"><subfield code="a">Tallahassee (Fla.)</subfield><subfield code="v">Newspapers.</subfield></datafield><datafield ind1=" " ind2="0" tag="651"><subfield code="a">Leon County (Fla.)</subfield><subfield code="v">Newspapers.</subfield></datafield><datafield ind1=" " ind2="7" tag="655"><subfield code="a">Newspapers.</subfield><subfield code="2">fast</subfield><subfield code="0">(OCoLC)fst01423814</subfield></datafield><datafield ind1=" " ind2="7" tag="651"><subfield code="a">Florida</subfield><subfield code="z">Leon County.</subfield><subfield code="2">fast</subfield><subfield code="0">(OCoLC)fst01206533</subfield></datafield><datafield ind1=" " ind2="7" tag="651"><subfield code="a">Florida</subfield><subfield code="z">Tallahassee.</subfield><subfield code="2">fast</subfield><subfield code="0">(OCoLC)fst01206534</subfield></datafield><datafield ind1=" " ind2=" " tag="752"><subfield code="a">United States</subfield><subfield code="b">Florida</subfield><subfield code="c">Leon</subfield><subfield code="d">Tallahassee.</subfield></datafield><datafield ind1="0" ind2="4" tag="780"><subfield code="t">Economist (Tallahassee, Fla.)</subfield></datafield><datafield ind1="0" ind2="4" tag="780"><subfield code="t">Land of flowers (Tallahassee, Fla.)</subfield><subfield code="w">(DLC)sn 95047413</subfield><subfield code="w">(OCoLC)33927380</subfield></datafield><datafield ind1="0" ind2="0" tag="785"><subfield code="t">Weekly Tallahasseean and land of flowers</subfield><subfield code="w">(DLC)sn 95047415</subfield><subfield code="w">(OCoLC)33927383</subfield></datafield><datafield ind1=" " ind2=" " tag="850"><subfield code="a">FU</subfield></datafield></record>